<?xml version="1.0" encoding="UTF-8"?><collection xmlns="http://www.loc.gov/MARC21/slim"><record><leader>00346nam--2200133-i-4500</leader><controlfield tag="001">000042336</controlfield><controlfield tag="002">20161230</controlfield><controlfield tag="005">20161230201043</controlfield><controlfield tag="008">060222s1000------------r-----000-0-eng-d</controlfield><datafield ind1=" " ind2=" " tag="080"><subfield code="a">530.145.6</subfield></datafield><datafield ind1=" " ind2=" " tag="245"><subfield code="a">Sources of quantum mechanics</subfield></datafield><datafield ind1=" " ind2=" " tag="260"><subfield code="a">A Msterdam, North-holland Publ.Co.,1967. Xi + 430 P</subfield></datafield><datafield ind1=" " ind2=" " tag="700"><subfield code="a">B.L.Van Der Waerden</subfield></datafield><datafield ind1=" " ind2=" " tag="852"><subfield code="a">25425</subfield></datafield></record></collection>